<record><leader>00000cas a22000007a 4500</leader><controlfield tag="001">10347186</controlfield><controlfield tag="008">840127d18631864coudr ne      0    0eng d</controlfield><datafield ind1=" " ind2=" " tag="010"><subfield code="a">sn 84022328 </subfield></datafield><datafield ind1=" " ind2=" " tag="040"><subfield code="a">NPX</subfield><subfield code="b">eng</subfield><subfield code="c">NPX</subfield><subfield code="d">UNP</subfield><subfield code="d">NVB</subfield><subfield code="d">CNQ</subfield><subfield code="d">OCLCQ</subfield></datafield><datafield ind1=" " ind2=" " tag="042"><subfield code="a">msc</subfield></datafield><datafield ind1=" " ind2=" " tag="043"><subfield code="a">n-us-co</subfield></datafield><datafield ind1="0" ind2=" " tag="130"><subfield code="a">Daily commonwealth (Denver, Colo.)</subfield></datafield><datafield ind1="1" ind2="4" tag="245"><subfield code="a">The daily commonwealth.</subfield></datafield><datafield ind1=" " ind2=" " tag="260"><subfield code="a">Denver City, Colorado Territory [Denver, Colo.] :</subfield><subfield code="b">Thomas Gibson</subfield></datafield><datafield ind1=" " ind2=" " tag="300"><subfield code="a">v.</subfield></datafield><datafield ind1=" " ind2=" " tag="310"><subfield code="a">Daily</subfield></datafield><datafield ind1="1" ind2=" " tag="362"><subfield code="a">Began in Aug. 1863.</subfield><subfield code="z">Cf. McMurtrie, d. C. Early print. in Colo.</subfield></datafield><datafield ind1="1" ind2=" " tag="362"><subfield code="a">Ceased with June 11, 1864 issue?</subfield><subfield code="z">Cf. Gregory, W. Amer. newspapers.</subfield></datafield><datafield ind1=" " ind2=" " tag="530"><subfield code="a">Available on microfilm from the Colorado Historical Society.</subfield></datafield><datafield ind1=" " ind2=" " tag="588"><subfield code="a">Description based on: Vol. 4, no. 134 (Oct. 8, 1863).</subfield></datafield><datafield ind1=" " ind2=" " tag="752"><subfield code="a">United States</subfield><subfield code="b">Colorado</subfield><subfield code="c">Denver</subfield><subfield code="d">Denver.</subfield></datafield><datafield ind1=" " ind2=" " tag="752"><subfield code="a">United States</subfield><subfield code="b">Colorado</subfield><subfield code="c">Arapahoe</subfield><subfield code="d">Denver.</subfield></datafield><datafield ind1="0" ind2=" " tag="775"><subfield code="t">Weekly commonwealth (Denver, Colo.)</subfield><subfield code="w">(DLC)sn 82016464</subfield><subfield code="w">(OCoLC)9346615</subfield></datafield><datafield ind1="0" ind2="0" tag="780"><subfield code="t">Daily commonwealth and republican</subfield></datafield><datafield ind1="0" ind2="4" tag="785"><subfield code="t">Daily Rocky Mountain news</subfield><subfield code="w">(DLC)   82014501</subfield><subfield code="w">(OCoLC)8789965</subfield></datafield></record>